@inproceedings{hofmann1995interpretation,
  title={On the interpretation of type theory in locally cartesian closed categories},
  author={Hofmann, Martin},
  booktitle={Computer Science Logic},
  pages={427--441},
  year={1995},
  organization={Springer}
}

@article{clairambault2005categories,
  title={From categories with families to locally cartesian closed categories},
  author={Clairambault, Pierre},
  journal={Project Report, ENS Lyon},
  year={2005}
}


@book{hott,
	Author = {The Univalent Foundations Program},
	Institution = {Institute for Advanced Study},
	Title = {Homotopy type theory: Univalent foundations of mathematics},
	Year = {2013}}


@ARTICLE{mal:gwog,
   author = {{Maltsiniotis}, G.},
    title = "{Grothendieck $\infty$-groupoids, and still another definition of $\infty$-categories}",
  journal = {ArXiv e-prints},
archivePrefix = "arXiv",
   eprint = {1009.2331},
 primaryClass = "math.CT",
 keywords = {Mathematics - Category Theory, Mathematics - Algebraic Topology, 18C10, 18D05, 18G55, 55P15, 55Q05},
     year = 2010,
    month = sep,
   adsurl = {http://adsabs.harvard.edu/abs/2010arXiv1009.2331M},
  adsnote = {Provided by the SAO/NASA Astrophysics Data System}
}

@article{gro:ps,
  title={Pursuing {S}tacks} ,
  author={Grothendieck, Alexander},
  year={1983},
  note = {Manuscript}
}

@ARTICLE{ara:wog,
   author = {{Ara}, D.},
    title = "{On the homotopy theory of Grothendieck $\infty$-groupoids}",
  journal = {ArXiv e-prints},
archivePrefix = "arXiv",
   eprint = {1206.2941},
 primaryClass = "math.AT",
 keywords = {Mathematics - Algebraic Topology, Mathematics - Category Theory, 18D05, 18G55, 55P15, 55Q05},
     year = 2012,
    month = jun,
   adsurl = {http://adsabs.harvard.edu/abs/2012arXiv1206.2941A},
  adsnote = {Provided by the SAO/NASA Astrophysics Data System}
}


@article{uafe,
  title={A {C}oq proof that {U}nivalence {A}xioms implies {F}unctional {E}xtensionality},
  author={Bauer, Andrej and Lumsdaine, Peter LeFanu},
  year={2013}
}

@article{ms:uff,
  title={Univalence for free},
  author={Sozeau, Matthieu and Tabareau, Nicolas and others},
  year={2013}
}

@misc{gb:wog, 
author = {Guillaume Brunerie}, 
Title = {Syntactic {G}rothendieck weak {$\infty$}-groupoids}, 
YEAR = "2013"
} 


@conference{txa:csl,
  title={A Syntactical {A}pproach to {W}eak $\omega$-Groupoids},
  author={Altenkirch, Thorsten and Rypacek, Ondrej},
  booktitle={Computer Science Logic (CSL'12) - 26th International Workshop/21st Annual Conference of the EACSL, CSL 2012},
  year={2012}
  }
  
@inproceedings{alti:ott-conf,
 author = {Thorsten Altenkirch and Conor McBride and Wouter Swierstra},
 title = {Observational equality, now!},
 booktitle = {PLPV '07: Proceedings of the 2007 workshop on Programming languages meets program verification},
 year = {2007},
 isbn = {978-1-59593-677-6},
 pages = {57--68},
 location = {Freiburg, Germany},
 doi = {http://doi.acm.org/10.1145/1292597.1292608},
 publisher = {ACM},
 address = {New York, NY, USA},
 }
 
}@article{txa:cie10,
  title={{Higher Order Containers}},
  author={Altenkirch, Thorsten and Levy, Paul and Staton, Sam},
  journal =	 {Computability in Europe},
  year =	 {2010},
}

@inproceedings{CRC,
 author = {Geuvers, Herman and Niqui, Milad},
 title = {Constructive Reals in Coq: Axioms and Categoricity},
 booktitle = {TYPES '00: Selected papers from the International Workshop on Types for Proofs and Programs},
 year = {2002},
 isbn = {3-540-43287-6},
 pages = {79--95},
 publisher = {Springer-Verlag},
 address = {London, UK},
 }

@inproceedings{field,
  author = {Delahaye, David and Mayero, Micaela},
  title = {{\tt Field}: une proc\'edure de d\'ecision pour les nombres
           r\'eels en {C}oq},
  booktitle = {{J}ourn\'ees {F}rancophones des {L}angages {A}pplicatifs,
              Pontarlier},
  publisher = {INRIA},
  month = {Janvier},
  year = {2001},
  http = {http://www-lipn.univ-paris13.fr/~mayero/publis/field.ps.gz}
}


@misc{wiki:Lazy_evaluation,
   author = "Wikipedia",
   title = "Lazy evaluation --- {W}ikipedia{,} The Free Encyclopedia",
   year = "2010",
   url = "http://en.wikipedia.org/wiki/Lazy_evaluation",
   note = "[Online; accessed 20-April-2010]"
 }

@misc{wiki:Coinduction,
   author = "Wikipedia",
   title = "Coinduction --- {W}ikipedia{,} The Free Encyclopedia",
   year = "2010",
   url = "http://en.wikipedia.org/wiki/Coinduction",
   note = "[Online; accessed 20-April-2010]"
}

@misc{wiki:Coq,
   author = "Wikipedia",
   title = "Coq --- {W}ikipedia{,} The Free Encyclopedia",
   year = "2010",
   url = "http://en.wikipedia.org/wiki/Coq",
   note = "[Online; accessed 20-April-2010]"
}

 
@misc{wiki:TS,
   author = "Wikipedia",
   title = "Taylor Series --- {W}ikipedia{,} The Free Encyclopedia",
   year = "2010",
   url = "http://en.wikipedia.org/wiki/Taylor_Series",
   note = "[Online; accessed 20-April-2010]"
}
@misc{wiki:Real,
   author = "Wikipedia",
   title = "Construction of the real numbers --- {W}ikipedia{,} The Free Encyclopedia",
   year = "2010",
   url = "http://en.wikipedia.org/wiki/Construction_of_the_real_numbers",
   note = "[Online; accessed 20-April-2010]"
}
 
@misc{agdawiki:main,
   author = "The Agda Wiki",
   title = "Main Page",
   year = "2010",
   url = "http://wiki.portal.chalmers.se/agda/pmwiki.php?n=Main.HomePage",
   note = "[Online; accessed 13-April-2010]"
 }

@unpublished{tutorial, 
author = {Ulf Norell}, 
Title = {Dependently typed programming in agda}, 
YEAR = "2008",
Note = "Available at: http://www.cse.chalmers.se/~ulfn/papers/afp08tutorial.pdf"
} 

@article{Bridges199995,
title = "Constructive mathematics: a foundation for computable analysis",
journal = "Theoretical Computer Science",
volume = "219",
number = "1-2",
pages = "95 - 109",
year = "1999",
note = "",
issn = "0304-3975",
doi = "DOI: 10.1016/S0304-3975(98)00285-0",
url = "http://www.sciencedirect.com/science/article/B6V1G-3WXWSM9-6/2/c1225a60fbe1d641e225bdf749181845",
author = "Douglas S. Bridges",
keywords = "Constructive",
keywords = "Intuitionistic logic",
keywords = "Recursive"
}

@article{Ciaffaglione200639,
title = "A certified, corecursive implementation of exact real numbers",
journal = "Theoretical Computer Science",
volume = "351",
number = "1",
pages = "39 - 51",
year = "2006",
note = "Real Numbers and Computers",
issn = "0304-3975",
doi = "DOI: 10.1016/j.tcs.2005.09.061",
url = "http://www.sciencedirect.com/science/article/B6V1G-4HCN79X-2/2/f3adf7d22f328d616fad84fa9b2bba7d",
author = "Alberto Ciaffaglione and Pietro Di Gianantonio",
keywords = "Exact computation",
keywords = "Streams of digits",
keywords = "Lazy functional algorithms",
keywords = "Coinductive type theories",
keywords = "Interactive theorem proving",
keywords = "Program and system verification",
keywords = "Logical Frameworks",
keywords = "Coq"
}

@inproceedings{jones,
 author = {Jones, Claire},
 title = {Completing the rationals and metric spaces in LEGO},
 booktitle = {Papers presented at the second annual Workshop on Logical environments},
 year = {1993},
 isbn = {0-521-43312-6},
 pages = {297--316},
 location = {Edinburgh, Scotland},
 publisher = {Cambridge University Press},
 address = {New York, NY, USA},
 }
 
 @inproceedings{howe,
 author = {Chirimar, Jawahar and Howe, Douglas J.},
 title = {Implementing Constructive Real Analysis: Preliminary Report},
 booktitle = {Constructivity in Computer Science, Summer Symposium},
 year = {1992},
 isbn = {3-540-55631-1},
 pages = {165--178},
 publisher = {Springer-Verlag},
 address = {London, UK},
 }

@inproceedings{oconnor,
 author = {O'Connor, Russell},
 title = {Certified Exact Transcendental Real Number Computation in Coq},
 booktitle = {TPHOLs '08: Proceedings of the 21st International Conference on Theorem Proving in Higher Order Logics},
 year = {2008},
 isbn = {978-3-540-71065-3},
 pages = {246--261},
 location = {Montreal, P.Q., Canada},
 doi = {http://dx.doi.org/10.1007/978-3-540-71067-7_21},
 publisher = {Springer-Verlag},
 address = {Berlin, Heidelberg},
 }
 
@Unpublished{alti:pisigma-new,
  author = 	 {Thorsten Altenkirch and Nils Anders Danielsson and Andres L\"oh and Nicolas Oury},
  title = 	 {PiSigma: Dependent Types Without the Sugar},
  note = 	 {submitted for publication},
  month =	 {November},
  year =	 {2009},
}

@Misc{alti:ydtm,
  author =	 {Thorsten Altenkirch and Conor McBride and James McKinna},
  title =	 {Why Dependent Types Matter},
  howpublished = {Manuscript, available online},
  month =	 {April},
  year =	 {2005},
}

@book{dtw,
 author = {Bove, Ana and Dybjer, Peter},
 title = {Dependent Types at Work},
 book = {Language Engineering and Rigorous Software Development: International LerNet ALFA Summer School 2008, Piriapolis, Uruguay, February 24 - March 1, 2008, Revised Tutorial Lectures},
 year = {2009},
 isbn = {978-3-642-03152-6},
 pages = {57--99},
 doi = {http://dx.doi.org/10.1007/978-3-642-03153-3_2},
 publisher = {Springer-Verlag},
 address = {Berlin, Heidelberg},
 }
 
@book{bishop,
 author = {Errett Bishop and Douglas Bridges},
 title = {Constructive Analysis},
 year = {1985},
 publisher = {Springer-Verlag},
 address = {Berlin, Heidelberg},
}
 
@inproceedings{aboa,
 author = {Bove, Ana and Dybjer, Peter and Norell, Ulf},
 title = {A Brief Overview of Agda --- A Functional Language with Dependent Types},
 booktitle = {TPHOLs '09: Proceedings of the 22nd International Conference on Theorem Proving in Higher Order Logics},
 year = {2009},
 isbn = {978-3-642-03358-2},
 pages = {73--78},
 location = {Munich, Germany},
 doi = {http://dx.doi.org/10.1007/978-3-642-03359-9_6},
 publisher = {Springer-Verlag},
 address = {Berlin, Heidelberg},
 }
 
@article{pdg,
 author = {Di Gianantonio, Pietro},
 title = {Real number computability and domain theory},
 journal = {Inf. Comput.},
 volume = {127},
 number = {1},
 year = {1996},
 issn = {0890-5401},
 pages = {11--25},
 doi = {http://dx.doi.org/10.1006/inco.1996.0046},
 publisher = {Academic Press, Inc.},
 address = {Duluth, MN, USA},
 }



@book{nor:90,
 author = {Nordstr\"{o}m, Bengt and Petersson, Kent and Smith, Jan M.},
 title = {Programming in Martin-L\"{o}f's type theory: an introduction},
 year = {1990},
 isbn = {0-19-853814-6},
 publisher = {Clarendon Press},
 address = {New York, NY, USA},
} 

@book{str93:,
 author = {Thomas Streicher},
 title = {Investigations into {I}ntenstional {T}ype {T}heory},
 year = {1993},
 publisher = {Habilitation Thesis},
 address = {Ludwig-Maximilians Universit\"{a}t, Munich},
} 


@article{pal:10,
 author = {Erik Palmgren},
 title = {Proof-relevance of {F}amilies of {S}etoids and {I}dentity in {T}ype {T}heory},
 year = {2010},
 address = {Institut Mittag-Leffler},
} 



@article{hed:98,
 author = {Michael Hedberg},
 title = {A coherence theorem for {M}artin-{L}\"{o}f's type theory},
 year = {1998},
 address = {University of Goteb\"{o}rg and Chalmers University of Technology, Sweden},
}


@article{nuo:10,
 author = {Li Nuo},
 title = {Representing numbers in {A}gda},
 year = {2010},
 address = {University of Nottingham, UK},
} 

@inproceedings{cou:01,
  author = {Pierre Courtieu},
  title = {\textbf{Normalized types}},
  booktitle = {Proceedings of CSL2001},
  series = {Lecture Notes in Computer Science},
  year = 2001,
  volume = 2142,
  ps = {papers/courtieucsl2001.ps.gz}
}

@INPROCEEDINGS{hof:95:sm,
    author = {Martin Hofmann},
    title = {A {S}imple {M}odel for {Q}uotient {T}ypes},
    booktitle = {Proceedings of TLCA'95, volume 902 of Lecture Notes in Computer Science},
    year = {1995},
    pages = {216--234},
    publisher = {Springer}
}

@INPROCEEDINGS{hom,
    author = {Peter V. Homeier},
    title = {Quotient {T}ypes},
    booktitle = {In TPHOLs 2001: Supplemental Proceedings},
    year = {2001},
    pages = {0046}
}


@PHDThesis{hof:phd,
	title = {Extensional concepts in {I}ntensional {T}ype {T}heory},
	author = {Hofmann, Martin},
	year = 1995,
	publisher = {University of Edinburgh.},
	school = {School of Informatics.}
}	
	
@book{bis:85,
 author = {Bishop, Errett and Douglas Bridges},
 title = {Constructive {A}nalysis},
 year = {1985},
 isbn = {0-387-15066-8},
 publisher = {Springer},
 address = {New York}
} 
	
	
@article{aan,
 author = {Thorsten Altenkirch and Thomas   Anberr\'{e}e and Nuo Li},
 title = {Definable {Q}uotients in {T}ype {T}heory},
 year = {2011},
 address = {University of Nottingham, UK}
} 


@INPROCEEDINGS{nog:02,
    author = {Aleksey Nogin},
    title = {Quotient Types: A {M}odular {A}pproach},
    booktitle = {ITU-T Recommendation H.324},
    year = {2002},
    pages = {263--280},
    publisher = {Springer-Verlag}
}

@inproceedings{hof:95:con,
 author = {Hofmann, Martin},
 title = {Conservativity of {E}quality {R}eflection over {I}ntensional {T}ype {T}heory},
 booktitle = {Selected papers from the International Workshop on Types for Proofs and Programs},
 series = {TYPES '95},
 year = {1996},
 isbn = {3-540-61780-9},
 pages = {153--164},
 numpages = {12},
 url = {http://portal.acm.org/citation.cfm?id=646536.695865},
 acmid = {695865},
 publisher = {Springer-Verlag},
 address = {London, UK}
} 


@INPROCEEDINGS{bar:96,
    author = {Gilles Barthe and Herman Geuvers},
    title = {Congruence {T}ypes},
    booktitle = {Proceedings of CSL'95},
    year = {1996},
    pages = {36--51},
    publisher = {Springer-Verlag}
}

@inproceedings{coq:92,
author = {Thierry Coquand},
title = {Pattern {M}atching with {D}ependent {T}ypes},
booktitle = {Types for Proofs and Programs},
year = {1992},
masid = {325604}
}

@MISC{cab,
    author = {Robert L. Constable and Stuart F. Allen and S. F. Allen and H. M. Bromley and W. R. Cleaveland and J. F. Cremer and R. W. Harper and Douglas J. Howe and T. B. Knoblock and N. P. Mendler and P. Panangaden and Scott F. Smith and James T. Sasaki and S. F. Smith},
    title = {Implementing {M}athematics with {T}he {N}uprl {P}roof {D}evelopment {S}ystem},
    year = {1986}
}

@InProceedings{alti:lics99,
  author = 	 {Thorsten Altenkirch},
  title = 	 {Extensional {E}quality in {I}ntensional {T}ype {T}heory},
  booktitle = 	 {14th Symposium on Logic in Computer Science},
  year =	 {1999},
  pages = { 412 -- 420 }
}

@InProceedings{men:90,
	title = {Quotient types via coequalizers in Martin-L\"{o}f type theory},
	author = {Mendler, N.P.},
	booktitle = {Proceedings of the {L}ogical {F}rameworks {W}orkshop},
	pages = {349--361},
	year = 1990
}


@book{rus:1903,
 author = {Russell, Bertrand},
 title = {The {P}rinciples of {M}athematics},
 year = {1903},
 publisher = {Cambridge University Press},
 address = {Cambridge}
} 

@inbook{nor:00,
 author = {Nordstr\"{o}m, Bengt and Petersson, Kent and Smith, Jan M.},
 booktitle = {Handbook of {L}ogic in {C}omputer {S}cience},
 volume = {5},
 chapter = {Martin-L\"{o}f's type theory},
 publisher = {Oxford University Press},
 year = {2000},
 month ={10}
}

@techreport{per:71,
 author = {Martin-L\"{o}f, Per},
 title = {A {T}heory of {T}ypes},
 institution = {University of Stockholm},
 year = {1971}
}


@incollection{per:82,
title = "Constructive Mathematics and Computer Programming",
booktitle = "Logic, Methodology and Philosophy of Science VI, Proceedings of the Sixth International Congress of Logic, Methodology and Philosophy of Science",
publisher = "Elsevier",
year = "1982",
volume = "104",
pages = "153 - 175",
author = "Per Martin-Löf"
}

@inproceedings{bov:09,
author = {Ana Bove and Peter Dybjer and Ulf Norell},
title = {A Brief Overview of {A}gda - A Functional Language with {D}ependent {T}ypes},
booktitle = {Theorem Proving in Higher Order Logics},
year = {2009},
pages = {73--78}
}

@misc{alt:06,
  Author = {Altenkirch, Thorsten},
  Institution = {University of Nottingham},
  Howpublished = {Talk given at the Workshop on {T}rends in {C}onstructive {M}athematics},
  Year = {2006},
  Title = {Should Extensional Type Theory be considered harmful?}
}

@inproceedings{norell:09,
 author = {Norell, Ulf},
 title = {Dependently typed programming in {A}gda},
 booktitle = {Proceedings of the 4th international workshop on Types in language design and implementation},
 series = {TLDI '09},
 year = {2009},
 isbn = {978-1-60558-420-1},
 location = {Savannah, GA, USA},
 pages = {1--2},
 numpages = {2},
 url = {http://doi.acm.org/10.1145/1481861.1481862},
 doi = {http://doi.acm.org/10.1145/1481861.1481862},
 acmid = {1481862},
 publisher = {ACM},
 address = {New York, NY, USA},
 keywords = {dependent types, programming},
} 


@misc{ngk:11,
      author = {Kraus, Nicolai},
      title = {Equality in the {D}ependently {T}yped {L}ambda {C}alculus: {A}n {I}ntroduction to {H}omotopy {T}ype {T}heory},
      month = "October",
      year = 2011,
      howpublished = {\url{http://www.cs.nott.ac.uk/~ngk/karlsruhe.pdf}}
}

@InProceedings{abb:04,
  author = 	 {Michael Abott and Thorsten Altenkirch and Neil Ghani 
                  and Conor McBride},
  title = 	 {Constructing Polymorphic Programs with {Q}uotient {T}ypes},
  booktitle = 	 {7th International Conference on Mathematics of Program Construction (MPC 2004)},
  year =	 {2004}
}


@misc{voe:hset,
      author = {Voevodsky, Vladimir},
      title = {Generalities on h{S}et - {C}oq Library h{S}et},
      howpublished = {\url{http://www.math.ias.edu/~vladimir/Foundations_library/hSet.html}}
}


@INPROCEEDINGS{Dyb:96,
    author = {Peter Dybjer},
    title = {Internal {T}ype {T}heory},
    booktitle = {Lecture {N}otes in {C}omputer {S}cience},
    year = {1996},
    pages = {120--134},
    publisher = {Springer}
}

@INPROCEEDINGS{hof:97,
    author = {Martin Hofmann},
    title = {Syntax and {S}emantics of {D}ependent {T}ypes},
    booktitle = {Semantics and Logics of Computation},
    year = {1997},
    pages = {79--130},
    publisher = {Cambridge University Press}
}

@article{bar:03,
  author      = "Gilles Barthe and Venanzio Capretta and Olivier Pons",
  title       = "Setoids in type theory",
  journal     = "Journal of Functional Programming",
  volume      = 13,
  number      = 2,
  pages       = "261-293",
  publisher   = "Cambridge University Press",
  year        = 2003
}  

@conference{txa:mpc2010g,
  title={{Subtyping, declaratively; an exercise in mixed induction and coinduction}},
  author={Danielsson, Nils Anders and Altenkirch, Thorsten},
  booktitle={proceedings of the Tenth International Conference on Mathematics of Program Construction (MPC 10)},
  year={2010}
}
